@article{tidynamics_2018,
  doi = {10.21105/joss.00877},
  year  = {2018},
  publisher = {Open Journals},
  volume = {3},
  number = {28},
  pages = {877},
  author = {Pierre de Buyl},
  title = {{tidynamics: A tiny package to compute the dynamics of stochastic and molecular simulations}},
  journal = {Journal of Open Source Software},
}